@InProceedings{konferencja,
    title = {Remote control and administration of a quadruple bioreactor designed for bacterial hydrogen production},
    author = {Wieczorek J and Czyż M and Głąb D and others},
    booktitle = {XXVIII Gliwice Scientific Meetings, Gliwice, November 21-22, 2024},
    year = {2024},
    pages = {206}
}